<?xml version="1.0" encoding="UTF-8"?><collection xmlns="http://www.loc.gov/MARC21/slim"><record><leader>00529nam--2200181-u-4500</leader><controlfield tag="001">000053283</controlfield><controlfield tag="002">20161230</controlfield><controlfield tag="005">20161230201051</controlfield><controlfield tag="008">110119s1000------------r-----000-0-fre-d</controlfield><datafield ind1=" " ind2=" " tag="040"><subfield code="a">IFIN-HH</subfield></datafield><datafield ind1=" " ind2=" " tag="041"><subfield code="a">fre</subfield></datafield><datafield ind1=" " ind2=" " tag="080"><subfield code="a">533.9(043)</subfield></datafield><datafield ind1="1" ind2=" " tag="100"><subfield code="a">Cheminat, Brigitte</subfield></datafield><datafield ind1="1" ind2="0" tag="245"><subfield code="a">Contribution a l'etude de l'influence des electrodes sur le plasma d'un arc electrique</subfield><subfield code="b">These</subfield><subfield code="c">Btigitte cheminat</subfield></datafield><datafield ind1=" " ind2=" " tag="260"><subfield code="a">Clermont</subfield><subfield code="b">Uniersite De Clermont Ii</subfield><subfield code="c">1983</subfield></datafield><datafield ind1=" " ind2=" " tag="300"><subfield code="a">184P</subfield></datafield><datafield ind1=" " ind2=" " tag="852"><subfield code="a">72426</subfield><subfield code="c">533.9</subfield></datafield><datafield ind1=" " ind2=" " tag="CAT"><subfield code="a">Sys</subfield><subfield code="c">20110119</subfield><subfield code="h">085625</subfield></datafield></record></collection>